% This file was created with JabRef 2.9.2.
% Encoding: UTF8

@MISC{px,
	title = {The history of pixhawk},
	howpublished = {\url{https://auterion.com/company/the-history-of-pixhawk/}}
}

@MISC{clover,
	title = {Документация COEX Clover},
	howpublished = {\url{https://clover.coex.tech/ru/}}
}

@MISC{px4,
	title = {PX4 Autopilot User Guide},
	howpublished = {\url{https://docs.px4.io/master/en/}}
}

@MISC{qgroundcontrol,
	title = {QGroundControl User Guide},
	howpublished = {\url{https://docs.qgroundcontrol.com/master/en/index.html}}
}

@MISC{mavlink,
	title = {MAVLink Developer Guide},
	howpublished = {\url{https://mavlink.io/en/}}
}

@MISC{ros,
	title = {ROS Documentation},
	howpublished = {\url{http://wiki.ros.org/}}
}

@MISC{ardupilot,
	title = {ArduPilot Documentation},
	url = {https://ardupilot.org/copter/docs/acro-mode.html}
}

@MISC{opencv,
	title = {OpenCV tutorial},
	howpublished = {\url{https://docs.opencv.org/}}
}

@MISC{gstreamer,
	title = {Знакомство с GStreamer: Введение},
	howpublished = {\url{https://habr.com/ru/post/178813/}}
}

@MISC{gstreamer1,
	title = {GStreamer Documentation},
	howpublished = {\url{https://docs.gstreamer.com/documentation/}}
}

@BOOK{tau,
	title = {Теория автоматического управления},
	author = { С. П. Трофимов},
	year = {2019},
	url = {https://elar.urfu.ru/handle/10995/78957}
}

@BOOK{voltbro,
	title = {Введение в Robot Operating System},
	publisher = {компания "Братья Вольт"},
	author = {Николай Слабуха},
	url = {http://docs.voltbro.ru/starting-ros/ros-task.html}
}

@comment{jabref-meta: selector_publisher:}

@comment{jabref-meta: selector_author:}

@comment{jabref-meta: selector_journal:}

@comment{jabref-meta: selector_keywords:}

