% This file was created with JabRef 2.9.2.
% Encoding: UTF8

@BOOK{shild,
	title = {Java 8. Полное руководство. Девятое издание.},
	publisher = {Вильямс},
	year = {2015},
	author = {Г. Шилдт},
	pages = {1376},
	owner = {oam},
	timestamp = {2011.05.10}
}

@MANUAL{RManual,
    title = {R: A Language and Environment for Statistical Computing},
    author = {{R Development Core Team}},
    organization = {R Foundation for Statistical Computing},
    address = {Vienna, Austria},
    year = {2010},
    langid = {english},
    note = {{ISBN} 3-900051-07-0},
    owner = {oam},
    timestamp = {2011.03.28},
    url = {http://www.R-project.org/}
}

@ARTICLE{mathmodel,
    author = {ЛЫСЕНКО А. И., ЧУМАЧЕНКО С. Н., ТАЧИНИНА Е. Н.},
    title = {МАТЕМАТИЧЕСКАЯ ПОСТАНОВКА ЗАДАЧИ ОПТИМИЗАЦИИ ДВИЖЕНИЯ ГРУППЫ КВАДРОКОПТЕРОВ},
    year = {2016},
    pages = {2 -- 4},
    number = {09},
    month = {Mart},
    timestamp = {2016.03.09},
    url = {https://er.nau.edu.ua/bitstream/NAU/29433/1/TMekh_2016_1_8.pdf}
}

@ARTICLE{minobr,
	author = {Министерства образования и науки Российской Федерации},
	title = {ПРИКАЗ № 1897 "Об утверждении федерального государственного образовательного стандарта основного общего образования"},
	year = {2010},
	number = {17},
	month = {December},
	timestamp = {2010.12.17},
	url = {http://www.consultant.ru/document/cons_doc_LAW_110255/}
}

@MISC{clover,
	title = {Документация COEX Clover},
	howpublished = {\url{https://clover.coex.tech/ru/}}
}

@MISC{px4,
	title = {PX4 Autopilot User Guide},
	howpublished = {\url{https://docs.px4.io/master/en/}}
}

@MISC{qgroundcontrol,
	title = {QGroundControl User Guide},
	howpublished = {\url{https://docs.qgroundcontrol.com/master/en/index.html}}
}

@MISC{mavlink,
	title = {MAVLink Developer Guide},
	howpublished = {\url{https://mavlink.io/en/}}
}

@MISC{ros,
	title = {Documentation ROS},
	howpublished = {\url{https://www.ros.org/about-ros/}}
}

@BOOK{voltbro,
	title = {Введение в Robot Operating System},
	publisher = {компания "Братья Вольт"},
	author = {Николай Слабуха},
	url = {http://docs.voltbro.ru/starting-ros/ros-task.html}
}

@ARTICLE{ivp,
	author = {Воздушный кодекс Российской Федерации от 19.03.1997 N 60-ФЗ (ред. от 08.06.2020)},
	title = {Статья 33. Государственная регистрация и государственный учет воздушных судов, пункт 3.2.},
	year = {1997},
	number = {19},
	month = {Mart},
	timestamp = {2020.06.08},
	url = {http://www.consultant.ru/document/cons_doc_LAW_13744/009711b4b9730b8597cfd79d7160a30bcae04d60/}
}

@comment{jabref-meta: selector_publisher:}

@comment{jabref-meta: selector_author:}

@comment{jabref-meta: selector_journal:}

@comment{jabref-meta: selector_keywords:}

